<record><leader>00000cas a22000007a 4500</leader><controlfield tag="001">14872567</controlfield><controlfield tag="008">861125d18721872pauwr ne      0    0eng d</controlfield><datafield ind1=" " ind2=" " tag="010"><subfield code="a">sn 86053944 </subfield></datafield><datafield ind1=" " ind2=" " tag="040"><subfield code="a">NPX</subfield><subfield code="b">eng</subfield><subfield code="c">NPX</subfield><subfield code="d">OCLCQ</subfield></datafield><datafield ind1=" " ind2=" " tag="042"><subfield code="a">msc</subfield></datafield><datafield ind1="0" ind2="0" tag="245"><subfield code="a">Shenandoah herald. And Schuylkill County real estate journal.</subfield></datafield><datafield ind1="1" ind2="3" tag="246"><subfield code="a">Shenandoah herald, and Schuylkill Co. real estate journal</subfield></datafield><datafield ind1="1" ind2="3" tag="246"><subfield code="a">Herald &amp; R.E. journal</subfield></datafield><datafield ind1=" " ind2=" " tag="260"><subfield code="a">Shenandoah, Pa. :</subfield><subfield code="b">Herald Print. Co.</subfield></datafield><datafield ind1=" " ind2=" " tag="300"><subfield code="a">v.</subfield></datafield><datafield ind1=" " ind2=" " tag="310"><subfield code="a">Weekly</subfield></datafield><datafield ind1="1" ind2=" " tag="362"><subfield code="a">Began with Jan. 4, 1872 issue? Ceased with June 27, 1872 issue?</subfield></datafield><datafield ind1=" " ind2=" " tag="500"><subfield code="a">Editors: Thomas J. Foster, H.G. Boyer &amp; Sol. Foster, Jr.</subfield></datafield><datafield ind1=" " ind2=" " tag="530"><subfield code="a">Available on microfilm from Smithsonian Institution Photo Services Division.</subfield></datafield><datafield ind1=" " ind2=" " tag="588"><subfield code="a">Description based on: Vol. 2, no. 56 (June 13, 1872).</subfield></datafield><datafield ind1=" " ind2=" " tag="752"><subfield code="a">United States</subfield><subfield code="b">Pennsylvania</subfield><subfield code="c">Schuylkill</subfield><subfield code="d">Shenandoah.</subfield></datafield><datafield ind1="0" ind2="0" tag="780"><subfield code="t">Shenandoah herald (Shenandoah, Pa. : 1870)</subfield></datafield><datafield ind1="0" ind2="0" tag="785"><subfield code="t">Shenandoah herald (Shenandoah, Pa. : 1872)</subfield></datafield><datafield ind1="1" ind2=" " tag="029"><subfield code="a">AU@</subfield><subfield code="b">000025797673</subfield></datafield></record>